2108 3652
441 197 613 239 nurnero
986 174 1004 243 9

92 381 194 439 Graeca
208 379 308 438 sraudc
322 382 424 455 potens
431 376 447 436 ¹.
490 378 555 437 Stat
568 379 662 438 multe
674 377 706 437 in
718 383 833 455 pectore
846 379 941 440 virtue

89 476 147 534 Pro
159 496 289 550 numero,
305 481 378 534 tutae
392 475 530 535 scelerato
543 495 595 551 pro
608 476 682 535 duce
695 476 783 551 leges,

90 580 120 639 N
121 599 153 638 ec
167 580 376 658 Babyloniacas
389 579 490 638 molles
503 579 680 654 accingimur
692 599 774 639 enses

90 685 263 761 Cecropidae.
304 684 383 751 Quid
395 685 420 743 ri
435 686 539 760 Sparta
550 684 685 743 arcessita
697 685 848 744 moratur?

92 790 196 867 Sparta
209 790 285 848 colat
297 793 413 848 tanturn
427 787 571 864 Superos?
612 788 771 850 'l'ntabitur
783 790 862 849 ultro

89 895 136 954 En
148 914 201 952 nos
212 893 275 969 ipsa
287 892 383 951 Deum
395 892 483 960 facies
490 891 512 964 ¹¹,
526 912 577 951 vos
590 893 697 953 credite
710 902 846 966 monstro,

91 999 210 1059 Mortali
222 998 307 1056 modo
320 1015 379 1054 non
391 997 487 1056 visum
500 996 651 1056 exitiabile
664 1000 768 1058 turboe.

91 1102 204 1162 Sumite
216 1101 277 1161 tela
289 1099 348 1160 viri
359 1101 555 1178 profugosque
567 1100 726 1161 incumbite
739 1101 772 1160 in
783 1102 890 1174 hostes,

90 1208 203 1285 Cuique
216 1226 320 1266 manus
332 1206 408 1265 circa
421 1206 559 1280 gladium,
572 1205 706 1282 circaque
718 1207 884 1281 pharetram

91 1313 192 1373 Sudet.
232 1310 324 1370 Nulla
335 1314 454 1370 manent
466 1315 527 1370 tam
539 1309 616 1385 grati
628 1310 717 1369 taedia
728 1311 830 1370 belli.''

129 1415 261 1490 Dixerat,
276 1424 365 1493 atque
377 1414 456 1474 inter
466 1434 605 1491 proceres,
619 1413 671 1473 nbi
684 1415 806 1473 buccina
819 1414 935 1490 signum

93 1520 191 1579 Prima
204 1519 289 1593 canit,
304 1519 433 1578 medinm
446 1518 478 1577 in
491 1519 585 1595 campi
598 1539 628 1578 se
641 1519 764 1596 proripit
777 1537 884 1596 aeqnor.

91 1624 153 1685 Nec
162 1625 225 1704 jam
237 1644 405 1684 conseruere
418 1645 530 1700 manns,
546 1625 596 1685 sed
609 1624 725 1700 longius
737 1626 835 1684 hostes

89 1735 187 1802 Amet,
201 1740 232 1791 et
245 1734 365 1790 extenta
375 1736 489 1790 tutatur
501 1751 620 1808 campus
633 1751 728 1791 arena.

88 1838 185 1897 Fortis
198 1836 343 1895 Aristides
356 1842 386 1896 et
399 1836 468 1894 laeta
481 1835 682 1895 Themistoclis
695 1854 755 1895 una

87 1941 228 2001 Prosiluit
241 1942 295 2014 vie,
309 1946 339 2000 et
352 1941 485 2017 producti
498 1941 587 1999 taedia
599 1941 671 1998 belli

90 2046 229 2124 Spernere
242 2047 305 2106 dux
318 2067 414 2116 ausus,
427 2047 624 2122 nequidquam
637 2045 669 2102 in
682 2048 784 2124 praelia
797 2048 899 2107 firmus

88 2151 226 2228 Princeps
240 2151 442 2210 Callimachus.
469 2151 593 2226 Jamque
606 2151 721 2226 agmina
730 2152 813 2228 jussa
825 2156 996 2230 sequuntur,

89 2255 153 2332 (Ira
165 2274 255 2313 novos
269 2256 370 2314 suadet
382 2258 489 2327 motus,
505 2255 668 2331 celeratque
681 2264 799 2315 ruentes
806 2256 827 2333 ¹)

87 2358 144 2418 Ore
157 2362 255 2418 tacent
268 2377 366 2417 omnes
378 2378 483 2435 presso,
498 2359 678 2435 pedibusque
692 2359 790 2419 citatis

88 2463 256 2540 Oorripinnt
268 2469 384 2538 terram,
401 2468 480 2524 stant
493 2464 605 2522 immoti
619 2464 748 2542 undique
762 2466 867 2524 Persae.

85 2569 130 2627 Ac
144 2569 238 2628 veluti
251 2569 282 2627 in
295 2589 407 2645 rupem,
421 2571 519 2628 crebro
532 2571 716 2629 venientibus
729 2572 816 2629 undis

86 2671 216 2749 Magnus
229 2674 280 2732 ubi
293 2673 419 2733 insertur
431 2676 669 2753 pontus-venti
682 2676 811 2752 nudique
824 2688 924 2737 contra

85 2778 174 2839 Flant
188 2780 284 2838 Eurus
297 2780 505 2858 Zephyrusque
517 2782 627 2851 furens,
641 2785 672 2840 et
684 2783 770 2841 litora
783 2784 892 2841 circum

79 3003 85 3035 ¹
103 3010 119 3033 ⁸⁸
126 3005 214 3055 Graeca
224 3005 337 3064 fraudess’
349 3006 473 3072 referring
483 3011 511 3058 to
522 3008 566 3058 the
576 3009 708 3075 treachery
718 3010 748 3059 of
757 3011 869 3075 Hippiae.

79 3085 91 3118 ¹¹
109 3088 244 3153 Referring
263 3093 291 3139 to
310 3091 355 3140 the
371 3096 440 3155 story
459 3091 487 3140 of
501 3091 624 3156 Epizelus,
640 3093 685 3144 the
701 3109 746 3143 son
765 3095 795 3144 of
809 3095 997 3160 Kouphagoras.

45 3169 139 3219 Herod.
151 3171 183 3220 vl.
196 3172 253 3223 117.

78 3247 85 3280 ¹
103 3246 196 3299 Herod.
208 3251 241 3300 vi.
254 3252 317 3300 113:
335 3252 425 3311 πρῶτοι
435 3250 481 3310 μὲν
491 3250 539 3315 ’γὰρ
550 3252 672 3311 Ἑλλήνων
685 3252 781 3303 πάντων
791 3258 840 3304 τῶν
851 3255 919 3314 ἡμᾶς
930 3259 1009 3317 ἴδμεν

44 3328 122 3395 δρόμῳ
134 3334 158 3382 ἐς
169 3331 299 3395 πολεμίους
311 3333 456 3396 ἐχρήσαντο.
490 3335 532 3386 Sc.
542 3336 589 3386 the
601 3336 746 3386 &themana
754 3337 950 3385 armassem.
