<?xml version="1.0" encoding="UTF-8"?>
<!DOCTYPE html PUBLIC "-//W3C//DTD XHTML 1.0 Transitional//EN"
    "http://www.w3.org/TR/xhtml1/DTD/xhtml1-transitional.dtd">
<html xmlns="http://www.w3.org/1999/xhtml" xml:lang="en" lang="en">
 <head>
  <title>
</title>
<meta http-equiv="Content-Type" content="text/html;charset=utf-8" />
  <meta name='ocr-system' content='tesseract 3.04.00' />
  <meta name='ocr-capabilities' content='ocr_page ocr_carea ocr_par ocr_line ocrx_word'/>
</head>
<body>
  <div class='ocr_page' id='page_1' title='image "./marathoncarmenl00stangoog_0013.png"; bbox 0 0 2108 3652; ppageno 0'>
   <div class='ocr_carea' id='block_1_1' title="bbox 504 188 675 231">
    <p class='ocr_par' dir='ltr' id='par_1_1' title="bbox 504 188 675 231">
     <span class='ocr_line' id='line_1_1' title="bbox 504 188 675 231; baseline -0.012 0"><span class='ocrx_word' id='word_1_1' title='bbox 504 188 675 231; x_wconf 68' lang='grc' dir='ltr'><strong>ΪΔΒΔΤῊΟΠ.</strong></span> 
     </span>
    </p>
   </div>
   <div class='ocr_carea' id='block_1_2' title="bbox 152 367 931 554">
    <p class='ocr_par' dir='ltr' id='par_1_2' title="bbox 152 367 931 554">
     <span class='ocr_line' id='line_1_2' title="bbox 153 367 888 445; baseline -0.008 -12"><span class='ocrx_word' id='word_1_2' title='bbox 153 377 244 435; x_wconf 81' lang='lat' dir='ltr'>Vasta</span> <span class='ocrx_word' id='word_1_3' title='bbox 256 374 346 445; x_wconf 87' lang='lat' dir='ltr'>dabit,</span> <span class='ocrx_word' id='word_1_4' title='bbox 360 378 396 433; x_wconf 92' lang='lat' dir='ltr'>tu</span> <span class='ocrx_word' id='word_1_5' title='bbox 409 392 496 432; x_wconf 90' lang='lat' dir='ltr'>causa</span> <span class='ocrx_word' id='word_1_6' title='bbox 507 372 588 438; x_wconf 89' lang='lat' dir='ltr'>mali,</span> <span class='ocrx_word' id='word_1_7' title='bbox 603 372 665 429; x_wconf 89' lang='lat' dir='ltr'>dux</span> <span class='ocrx_word' id='word_1_8' title='bbox 679 368 803 429; x_wconf 87' lang='lat' dir='ltr'>crederis</span> <span class='ocrx_word' id='word_1_9' title='bbox 816 367 888 445; x_wconf 87' lang='lat' dir='ltr'>ipse,</span> 
     </span>
     <span class='ocr_line' id='line_1_3' title="bbox 152 473 931 554; baseline -0.009 -17"><span class='ocrx_word' id='word_1_10' title='bbox 152 479 205 536; x_wconf 86' lang='lat' dir='ltr'>Nil</span> <span class='ocrx_word' id='word_1_11' title='bbox 219 482 321 536; x_wconf 88' lang='lat' dir='ltr'>contra</span> <span class='ocrx_word' id='word_1_12' title='bbox 334 477 482 554; x_wconf 87' lang='lat' dir='ltr'>inceptum</span> <span class='ocrx_word' id='word_1_13' title='bbox 495 479 633 552; x_wconf 88' lang='lat' dir='ltr'>poterunt</span> <span class='ocrx_word' id='word_1_14' title='bbox 646 473 774 533; x_wconf 86' lang='lat' dir='ltr'>oaelestia</span> <span class='ocrx_word' id='word_1_15' title='bbox 786 474 931 532; x_wconf 85' lang='lat' dir='ltr'>tantum.”</span> 
     </span>
    </p>
   </div>
   <div class='ocr_carea' id='block_1_3' title="bbox 154 577 1046 3045">
    <p class='ocr_par' dir='ltr' id='par_1_3' title="bbox 154 577 895 967">
     <span class='ocr_line' id='line_1_4' title="bbox 193 577 879 657; baseline -0.007 -17"><span class='ocrx_word' id='word_1_16' title='bbox 193 582 268 641; x_wconf 85' lang='lat' dir='ltr'>Haeo</span> <span class='ocrx_word' id='word_1_17' title='bbox 281 582 369 647; x_wconf 74' lang='lat' dir='ltr'>satim,</span> <span class='ocrx_word' id='word_1_18' title='bbox 383 580 549 657; x_wconf 84' lang='lat' dir='ltr'>patriosque</span> <span class='ocrx_word' id='word_1_19' title='bbox 562 581 639 639; x_wconf 84' lang='lat' dir='ltr'>Deos</span> <span class='ocrx_word' id='word_1_20' title='bbox 652 583 682 638; x_wconf 91' lang='lat' dir='ltr'>et</span> <span class='ocrx_word' id='word_1_21' title='bbox 695 577 802 637; x_wconf 87' lang='lat' dir='ltr'>deserit</span> <span class='ocrx_word' id='word_1_22' title='bbox 816 597 879 635; x_wconf 84' lang='lat' dir='ltr'>arus</span> 
     </span>
     <span class='ocr_line' id='line_1_5' title="bbox 154 679 895 760; baseline -0.004 -19"><span class='ocrx_word' id='word_1_23' title='bbox 154 683 286 760; x_wconf 82' lang='lat' dir='ltr'>Impius3</span> <span class='ocrx_word' id='word_1_24' title='bbox 309 684 388 742; x_wconf 91' lang='lat' dir='ltr'>bunc</span> <span class='ocrx_word' id='word_1_25' title='bbox 402 683 499 742; x_wconf 87' lang='lat' dir='ltr'>Pallas</span> <span class='ocrx_word' id='word_1_26' title='bbox 511 687 594 742; x_wconf 89' lang='lat' dir='ltr'>torvo</span> <span class='ocrx_word' id='word_1_27' title='bbox 607 683 671 741; x_wconf 88' lang='lat' dir='ltr'>Dea</span> <span class='ocrx_word' id='word_1_28' title='bbox 683 681 794 740; x_wconf 89' lang='lat' dir='ltr'>lumine</span> <span class='ocrx_word' id='word_1_29' title='bbox 807 679 895 739; x_wconf 86' lang='lat' dir='ltr'>morti</span> 
     </span>
     <span class='ocr_line' id='line_1_6' title="bbox 156 786 835 863; baseline -0.003 -18"><span class='ocrx_word' id='word_1_30' title='bbox 156 788 305 862; x_wconf 89' lang='lat' dir='ltr'>Designat,</span> <span class='ocrx_word' id='word_1_31' title='bbox 321 790 419 846; x_wconf 86' lang='lat' dir='ltr'>tutata</span> <span class='ocrx_word' id='word_1_32' title='bbox 432 807 507 846; x_wconf 89' lang='lat' dir='ltr'>suos.</span> <span class='ocrx_word' id='word_1_33' title='bbox 550 787 631 846; x_wconf 87' lang='lat' dir='ltr'>Petit</span> <span class='ocrx_word' id='word_1_34' title='bbox 642 787 693 845; x_wconf 91' lang='lat' dir='ltr'>ille</span> <span class='ocrx_word' id='word_1_35' title='bbox 707 786 835 863; x_wconf 86' lang='lat' dir='ltr'>quietem</span> 
     </span>
     <span class='ocr_line' id='line_1_7' title="bbox 155 889 859 967; baseline -0.001 -18"><span class='ocrx_word' id='word_1_36' title='bbox 155 891 286 965; x_wconf 76' lang='lat' dir='ltr'>Frustra,</span> <span class='ocrx_word' id='word_1_37' title='bbox 302 889 354 967; x_wconf 92' lang='lat' dir='ltr'>qui</span> <span class='ocrx_word' id='word_1_38' title='bbox 367 889 467 949; x_wconf 85' lang='lat' dir='ltr'>vetitis</span> <span class='ocrx_word' id='word_1_39' title='bbox 481 909 579 949; x_wconf 91' lang='lat' dir='ltr'>somno</span> <span class='ocrx_word' id='word_1_40' title='bbox 593 910 623 949; x_wconf 87' lang='lat' dir='ltr'>se</span> <span class='ocrx_word' id='word_1_41' title='bbox 637 892 759 965; x_wconf 87' lang='lat' dir='ltr'>deneget</span> <span class='ocrx_word' id='word_1_42' title='bbox 772 889 859 948; x_wconf 91' lang='lat' dir='ltr'>ausis.</span> 
     </span>
    </p>

    <p class='ocr_par' dir='ltr' id='par_1_4' title="bbox 157 995 942 1900">
     <span class='ocr_line' id='line_1_8' title="bbox 197 995 912 1073; baseline -0.003 -21"><span class='ocrx_word' id='word_1_43' title='bbox 197 996 240 1053; x_wconf 86' lang='lat' dir='ltr'>At</span> <span class='ocrx_word' id='word_1_44' title='bbox 252 998 335 1073; x_wconf 84' lang='lat' dir='ltr'>parta</span> <span class='ocrx_word' id='word_1_45' title='bbox 349 995 478 1064; x_wconf 86' lang='lat' dir='ltr'>adversa,</span> <span class='ocrx_word' id='word_1_46' title='bbox 491 995 599 1071; x_wconf 87' lang='lat' dir='ltr'>primos</span> <span class='ocrx_word' id='word_1_47' title='bbox 611 995 663 1053; x_wconf 92' lang='lat' dir='ltr'>ubi</span> <span class='ocrx_word' id='word_1_48' title='bbox 675 995 786 1052; x_wconf 90' lang='lat' dir='ltr'>lumine</span> <span class='ocrx_word' id='word_1_49' title='bbox 799 995 912 1052; x_wconf 86' lang='lat' dir='ltr'>montes</span> 
     </span>
     <span class='ocr_line' id='line_1_9' title="bbox 157 1098 871 1175; baseline -0.001 -18"><span class='ocrx_word' id='word_1_50' title='bbox 157 1098 287 1158; x_wconf 84' lang='lat' dir='ltr'>Phcebus</span> <span class='ocrx_word' id='word_1_51' title='bbox 300 1098 453 1156; x_wconf 82' lang='lat' dir='ltr'>inaurobat</span> <span class='ocrx_word' id='word_1_52' title='bbox 466 1116 573 1165; x_wconf 90' lang='lat' dir='ltr'>croceo,</span> <span class='ocrx_word' id='word_1_53' title='bbox 585 1117 638 1175; x_wconf 88' lang='lat' dir='ltr'>per</span> <span class='ocrx_word' id='word_1_54' title='bbox 649 1098 736 1156; x_wconf 90' lang='lat' dir='ltr'>litora</span> <span class='ocrx_word' id='word_1_55' title='bbox 748 1116 871 1173; x_wconf 81' lang='lat' dir='ltr'>parvum</span> 
     </span>
     <span class='ocr_line' id='line_1_10' title="bbox 158 1200 942 1277; baseline -0.003 -17"><span class='ocrx_word' id='word_1_56' title='bbox 158 1204 190 1262; x_wconf 87' lang='lat' dir='ltr'>It</span> <span class='ocrx_word' id='word_1_57' title='bbox 204 1203 370 1260; x_wconf 88' lang='lat' dir='ltr'>Graecorum</span> <span class='ocrx_word' id='word_1_58' title='bbox 383 1220 497 1275; x_wconf 82' lang='lat' dir='ltr'>agmen,</span> <span class='ocrx_word' id='word_1_59' title='bbox 510 1201 634 1259; x_wconf 85' lang='lat' dir='ltr'>necdum</span> <span class='ocrx_word' id='word_1_60' title='bbox 647 1201 712 1277; x_wconf 88' lang='lat' dir='ltr'>quis</span> <span class='ocrx_word' id='word_1_61' title='bbox 725 1201 837 1259; x_wconf 86' lang='lat' dir='ltr'>venerit</span> <span class='ocrx_word' id='word_1_62' title='bbox 849 1200 942 1259; x_wconf 87' lang='lat' dir='ltr'>hostis</span> 
     </span>
     <span class='ocr_line' id='line_1_11' title="bbox 159 1303 897 1381; baseline -0.005 -17"><span class='ocrx_word' id='word_1_63' title='bbox 159 1306 338 1381; x_wconf 80' lang='lat' dir='ltr'>Conspexere</span> <span class='ocrx_word' id='word_1_64' title='bbox 350 1329 358 1378; x_wconf 89' lang='lat'>;</span> <span class='ocrx_word' id='word_1_65' title='bbox 378 1304 475 1374; x_wconf 91' lang='lat' dir='ltr'>silent,</span> <span class='ocrx_word' id='word_1_66' title='bbox 490 1309 526 1362; x_wconf 91' lang='lat' dir='ltr'>ut</span> <span class='ocrx_word' id='word_1_67' title='bbox 539 1303 591 1381; x_wconf 93' lang='lat' dir='ltr'>qui</span> <span class='ocrx_word' id='word_1_68' title='bbox 605 1303 661 1362; x_wconf 89' lang='lat' dir='ltr'>sibi</span> <span class='ocrx_word' id='word_1_69' title='bbox 674 1304 783 1363; x_wconf 89' lang='lat' dir='ltr'>credita</span> <span class='ocrx_word' id='word_1_70' title='bbox 796 1303 897 1362; x_wconf 78' lang='lat' dir='ltr'>ndrint</span> 
     </span>
     <span class='ocr_line' id='line_1_12' title="bbox 159 1407 932 1484; baseline -0.006 -15"><span class='ocrx_word' id='word_1_71' title='bbox 159 1409 272 1476; x_wconf 90' lang='lat' dir='ltr'>Omnia,</span> <span class='ocrx_word' id='word_1_72' title='bbox 286 1408 496 1483; x_wconf 77' lang='lat' dir='ltr'>servandosque</span> <span class='ocrx_word' id='word_1_73' title='bbox 509 1407 586 1465; x_wconf 86' lang='lat' dir='ltr'>Deos</span> <span class='ocrx_word' id='word_1_74' title='bbox 598 1408 756 1484; x_wconf 85' lang='lat' dir='ltr'>urbemque</span> <span class='ocrx_word' id='word_1_75' title='bbox 770 1412 932 1484; x_wconf 88' lang='lat' dir='ltr'>patresque.</span> 
     </span>
     <span class='ocr_line' id='line_1_13' title="bbox 158 1513 820 1590; baseline -0.005 -17"><span class='ocrx_word' id='word_1_76' title='bbox 158 1514 279 1588; x_wconf 79' lang='lat' dir='ltr'>Felices,</span> <span class='ocrx_word' id='word_1_77' title='bbox 296 1534 348 1572; x_wconf 92' lang='lat' dir='ltr'>sua</span> <span class='ocrx_word' id='word_1_78' title='bbox 362 1532 433 1590; x_wconf 91' lang='lat' dir='ltr'>quos</span> <span class='ocrx_word' id='word_1_79' title='bbox 447 1513 541 1572; x_wconf 83' lang='lat' dir='ltr'>virtus</span> <span class='ocrx_word' id='word_1_80' title='bbox 554 1513 717 1589; x_wconf 87' lang='lat' dir='ltr'>dilectaque</span> <span class='ocrx_word' id='word_1_81' title='bbox 730 1513 820 1588; x_wconf 81' lang='lat' dir='ltr'>possit</span> 
     </span>
     <span class='ocr_line' id='line_1_14' title="bbox 159 1617 920 1693; baseline -0.004 -15"><span class='ocrx_word' id='word_1_82' title='bbox 159 1619 279 1678; x_wconf 87' lang='lat' dir='ltr'>Mittere</span> <span class='ocrx_word' id='word_1_83' title='bbox 292 1619 411 1678; x_wconf 88' lang='lat' dir='ltr'>libertas</span> <span class='ocrx_word' id='word_1_84' title='bbox 423 1618 574 1676; x_wconf 84' lang='lat' dir='ltr'><strong>minimam</strong></span> <span class='ocrx_word' id='word_1_85' title='bbox 587 1618 618 1676; x_wconf 94' lang='lat' dir='ltr'>in</span> <span class='ocrx_word' id='word_1_86' title='bbox 631 1621 677 1677; x_wconf 88' lang='lat' dir='ltr'>tot</span> <span class='ocrx_word' id='word_1_87' title='bbox 689 1617 782 1676; x_wconf 88' lang='lat' dir='ltr'>millia</span> <span class='ocrx_word' id='word_1_88' title='bbox 795 1620 920 1693; x_wconf 79' lang='lat' dir='ltr'>gentem,</span> 
     </span>
     <span class='ocr_line' id='line_1_15' title="bbox 159 1720 928 1797; baseline 0.001 -19"><span class='ocrx_word' id='word_1_89' title='bbox 159 1720 399 1797; x_wconf 84' lang='lat' dir='ltr'>Armigeramque</span> <span class='ocrx_word' id='word_1_90' title='bbox 413 1720 513 1779; x_wconf 81' lang='lat' dir='ltr'><strong>Asiam</strong></span> <span class='ocrx_word' id='word_1_91' title='bbox 527 1724 627 1779; x_wconf 90' lang='lat' dir='ltr'>contra</span> <span class='ocrx_word' id='word_1_92' title='bbox 639 1739 777 1797; x_wconf 86' lang='lat' dir='ltr'>regesque</span> <span class='ocrx_word' id='word_1_93' title='bbox 790 1723 928 1780; x_wconf 86' lang='lat' dir='ltr'>furentes.</span> 
     </span>
     <span class='ocr_line' id='line_1_16' title="bbox 160 1822 835 1900; baseline 0.001 -18"><span class='ocrx_word' id='word_1_94' title='bbox 160 1825 274 1883; x_wconf 83' lang='lat' dir='ltr'>Felices</span> <span class='ocrx_word' id='word_1_95' title='bbox 287 1826 383 1898; x_wconf 83' lang='lat' dir='ltr'>etiem,</span> <span class='ocrx_word' id='word_1_96' title='bbox 400 1825 476 1883; x_wconf 83' lang='lat' dir='ltr'>tanti</span> <span class='ocrx_word' id='word_1_97' title='bbox 488 1844 547 1882; x_wconf 89' lang='lat' dir='ltr'>nou</span> <span class='ocrx_word' id='word_1_98' title='bbox 560 1843 650 1900; x_wconf 87' lang='lat' dir='ltr'>parva</span> <span class='ocrx_word' id='word_1_99' title='bbox 658 1822 674 1896; x_wconf 71' lang='lat' dir='ltr'>f,</span> <span class='ocrx_word' id='word_1_100' title='bbox 688 1823 804 1884; x_wconf 84' lang='lat' dir='ltr'>Plataeae</span> <span class='ocrx_word' id='word_1_101' title='bbox 813 1835 835 1896; x_wconf 74' lang='lat'>8,</span> 
     </span>
    </p>

    <p class='ocr_par' dir='ltr' id='par_1_5' title="bbox 161 1928 1046 3045">
     <span class='ocr_line' id='line_1_17' title="bbox 161 1928 890 2006; baseline 0.001 -20"><span class='ocrx_word' id='word_1_102' title='bbox 161 1929 232 1986; x_wconf 82' lang='lat' dir='ltr'>Pars</span> <span class='ocrx_word' id='word_1_103' title='bbox 244 1928 324 2002; x_wconf 90' lang='lat' dir='ltr'>belli,</span> <span class='ocrx_word' id='word_1_104' title='bbox 341 1929 390 1986; x_wconf 92' lang='lat' dir='ltr'>sed</span> <span class='ocrx_word' id='word_1_105' title='bbox 403 1947 492 2005; x_wconf 87' lang='lat' dir='ltr'>parva</span> <span class='ocrx_word' id='word_1_106' title='bbox 505 1930 613 2002; x_wconf 90' lang='lat' dir='ltr'>cohors,</span> <span class='ocrx_word' id='word_1_107' title='bbox 627 1932 658 1987; x_wconf 91' lang='lat' dir='ltr'>et</span> <span class='ocrx_word' id='word_1_108' title='bbox 669 1948 762 2006; x_wconf 86' lang='lat' dir='ltr'>pauca</span> <span class='ocrx_word' id='word_1_109' title='bbox 775 1949 890 1988; x_wconf 88' lang='lat' dir='ltr'>corusco</span> 
     </span>
     <span class='ocr_line' id='line_1_18' title="bbox 164 2032 952 2109; baseline 0 -17"><span class='ocrx_word' id='word_1_110' title='bbox 164 2033 254 2109; x_wconf 84' lang='lat' dir='ltr'>Signa</span> <span class='ocrx_word' id='word_1_111' title='bbox 266 2032 376 2091; x_wconf 80' lang='lat' dir='ltr'>micent</span> <span class='ocrx_word' id='word_1_112' title='bbox 388 2033 507 2092; x_wconf 84' lang='lat' dir='ltr'>Phcebo.</span> <span class='ocrx_word' id='word_1_113' title='bbox 535 2033 630 2093; x_wconf 82' lang='lat' dir='ltr'>Taciti</span> <span class='ocrx_word' id='word_1_114' title='bbox 643 2034 842 2093; x_wconf 83' lang='lat' dir='ltr'>resonantibus</span> <span class='ocrx_word' id='word_1_115' title='bbox 855 2052 952 2092; x_wconf 85' lang='lat' dir='ltr'>omnes</span> 
     </span>
     <span class='ocr_line' id='line_1_19' title="bbox 163 2136 823 2214; baseline 0 -19"><span class='ocrx_word' id='word_1_116' title='bbox 163 2137 309 2195; x_wconf 80' lang='lat' dir='ltr'>Incedunt</span> <span class='ocrx_word' id='word_1_117' title='bbox 321 2136 408 2195; x_wconf 88' lang='lat' dir='ltr'>armis</span> <span class='ocrx_word' id='word_1_118' title='bbox 420 2156 480 2194; x_wconf 90' lang='lat' dir='ltr'>uua</span> <span class='ocrx_word' id='word_1_119' title='bbox 493 2138 668 2214; x_wconf 84' lang='lat' dir='ltr'>comitesque</span> <span class='ocrx_word' id='word_1_120' title='bbox 681 2138 823 2195; x_wconf 78' lang='lat' dir='ltr'>ferimtur.</span> 
     </span>
     <span class='ocr_line' id='line_1_20' title="bbox 163 2239 870 2318; baseline 0.003 -20"><span class='ocrx_word' id='word_1_121' title='bbox 163 2239 287 2315; x_wconf 81' lang='lat' dir='ltr'>Jamque</span> <span class='ocrx_word' id='word_1_122' title='bbox 299 2239 351 2298; x_wconf 93' lang='lat' dir='ltr'>ubi</span> <span class='ocrx_word' id='word_1_123' title='bbox 364 2240 516 2298; x_wconf 86' lang='lat' dir='ltr'>Persarum</span> <span class='ocrx_word' id='word_1_124' title='bbox 529 2239 614 2315; x_wconf 91' lang='lat' dir='ltr'>longe</span> <span class='ocrx_word' id='word_1_125' title='bbox 626 2240 770 2300; x_wconf 88' lang='lat' dir='ltr'>radiantia</span> <span class='ocrx_word' id='word_1_126' title='bbox 782 2240 870 2318; x_wconf 89' lang='lat' dir='ltr'>primi</span> 
     </span>
     <span class='ocr_line' id='line_1_21' title="bbox 164 2342 851 2421; baseline 0.006 -21"><span class='ocrx_word' id='word_1_127' title='bbox 164 2342 255 2401; x_wconf 81' lang='lat' dir='ltr'>Arma</span> <span class='ocrx_word' id='word_1_128' title='bbox 268 2342 370 2402; x_wconf 85' lang='lat' dir='ltr'>vident</span> <span class='ocrx_word' id='word_1_129' title='bbox 383 2343 575 2418; x_wconf 83' lang='lat' dir='ltr'>speculatores</span> <span class='ocrx_word' id='word_1_130' title='bbox 588 2363 732 2421; x_wconf 87' lang='lat' dir='ltr'>navesque</span> <span class='ocrx_word' id='word_1_131' title='bbox 745 2346 851 2420; x_wconf 87' lang='lat' dir='ltr'>ligatas</span> 
     </span>
     <span class='ocr_line' id='line_1_22' title="bbox 166 2446 943 2524; baseline 0.006 -18"><span class='ocrx_word' id='word_1_132' title='bbox 166 2446 382 2519; x_wconf 73' lang='lat' dir='ltr'>constiterunt,</span> <span class='ocrx_word' id='word_1_133' title='bbox 403 2447 520 2524; x_wconf 88' lang='lat' dir='ltr'>proprio</span> <span class='ocrx_word' id='word_1_134' title='bbox 533 2452 592 2508; x_wconf 84' lang='lat' dir='ltr'>stat</span> <span class='ocrx_word' id='word_1_135' title='bbox 604 2449 734 2508; x_wconf 90' lang='lat' dir='ltr'>conscius</span> <span class='ocrx_word' id='word_1_136' title='bbox 747 2451 846 2511; x_wconf 85' lang='lat' dir='ltr'>ordine</span> <span class='ocrx_word' id='word_1_137' title='bbox 860 2452 943 2511; x_wconf 91' lang='lat' dir='ltr'>miles</span> 
     </span>
     <span class='ocr_line' id='line_1_23' title="bbox 166 2551 907 2629; baseline 0.004 -18"><span class='ocrx_word' id='word_1_138' title='bbox 166 2553 291 2611; x_wconf 83' lang='lat' dir='ltr'>Securus</span> <span class='ocrx_word' id='word_1_139' title='bbox 304 2551 376 2629; x_wconf 92' lang='lat' dir='ltr'>quid</span> <span class='ocrx_word' id='word_1_140' title='bbox 388 2552 463 2610; x_wconf 84' lang='lat' dir='ltr'>Fata</span> <span class='ocrx_word' id='word_1_141' title='bbox 474 2555 586 2627; x_wconf 87' lang='lat' dir='ltr'>parent,</span> <span class='ocrx_word' id='word_1_142' title='bbox 602 2560 673 2628; x_wconf 89' lang='lat' dir='ltr'>quot</span> <span class='ocrx_word' id='word_1_143' title='bbox 685 2553 779 2612; x_wconf 92' lang='lat' dir='ltr'>millia</span> <span class='ocrx_word' id='word_1_144' title='bbox 791 2556 907 2614; x_wconf 86' lang='lat' dir='ltr'>Mavors</span> 
     </span>
     <span class='ocr_line' id='line_1_24' title="bbox 166 2656 915 2735; baseline 0.004 -20"><span class='ocrx_word' id='word_1_145' title='bbox 166 2657 288 2715; x_wconf 86' lang='lat' dir='ltr'>Inferat.</span> <span class='ocrx_word' id='word_1_146' title='bbox 331 2656 489 2732; x_wconf 88' lang='lat' dir='ltr'>Egreditur</span> <span class='ocrx_word' id='word_1_147' title='bbox 500 2657 572 2714; x_wconf 93' lang='lat' dir='ltr'>belli</span> <span class='ocrx_word' id='word_1_148' title='bbox 585 2657 633 2715; x_wconf 90' lang='lat' dir='ltr'>oui</span> <span class='ocrx_word' id='word_1_149' title='bbox 646 2676 758 2715; x_wconf 91' lang='lat' dir='ltr'>summa</span> <span class='ocrx_word' id='word_1_150' title='bbox 768 2663 896 2735; x_wconf 86' lang='lat' dir='ltr'>potestas</span> <span class='ocrx_word' id='word_1_151' title='bbox 908 2683 915 2731; x_wconf 90' lang='lat'>;</span> 
     </span>
     <span class='ocr_line' id='line_1_25' title="bbox 168 2760 1046 2840; baseline 0.008 -22"><span class='ocrx_word' id='word_1_152' title='bbox 168 2761 208 2818; x_wconf 82' lang='lat' dir='ltr'>Et</span> <span class='ocrx_word' id='word_1_153' title='bbox 221 2760 331 2835; x_wconf 61' lang='lat' dir='ltr'>procul,</span> <span class='ocrx_word' id='word_1_154' title='bbox 376 2761 451 2818; x_wconf 86' lang='lat' dir='ltr'>“En</span> <span class='ocrx_word' id='word_1_155' title='bbox 461 2760 568 2820; x_wconf 88' lang='lat' dir='ltr'>nostris</span> <span class='ocrx_word' id='word_1_156' title='bbox 581 2760 710 2821; x_wconf 89' lang='lat' dir='ltr'>subitum</span> <span class='ocrx_word' id='word_1_157' title='bbox 724 2781 810 2838; x_wconf 91' lang='lat' dir='ltr'>quem</span> <span class='ocrx_word' id='word_1_158' title='bbox 820 2764 952 2840; x_wconf 87' lang='lat' dir='ltr'>quaeritis</span> <span class='ocrx_word' id='word_1_159' title='bbox 964 2765 1046 2826; x_wconf 91' lang='lat' dir='ltr'>hoste</span> 
     </span>
     <span class='ocr_line' id='line_1_26' title="bbox 166 2863 914 2942; baseline 0.007 -20"><span class='ocrx_word' id='word_1_160' title='bbox 166 2863 290 2922; x_wconf 88' lang='lat' dir='ltr'>Finibus</span> <span class='ocrx_word' id='word_1_161' title='bbox 303 2863 493 2938; x_wconf 85' lang='lat' dir='ltr'>incedentem,</span> <span class='ocrx_word' id='word_1_162' title='bbox 510 2864 641 2923; x_wconf 89' lang='lat' dir='ltr'>hodierni</span> <span class='ocrx_word' id='word_1_163' title='bbox 654 2885 691 2924; x_wconf 92' lang='lat' dir='ltr'>en</span> <span class='ocrx_word' id='word_1_164' title='bbox 704 2867 822 2942; x_wconf 71' lang='lat' dir='ltr'>praemia</span> <span class='ocrx_word' id='word_1_165' title='bbox 835 2868 914 2927; x_wconf 91' lang='lat' dir='ltr'>belli.</span> 
     </span>
     <span class='ocr_line' id='line_1_27' title="bbox 168 2968 943 3045; baseline 0.005 -18"><span class='ocrx_word' id='word_1_166' title='bbox 168 2968 352 3044; x_wconf 76' lang='lat' dir='ltr'>Praecipitate</span> <span class='ocrx_word' id='word_1_167' title='bbox 365 2987 468 3037; x_wconf 90' lang='lat' dir='ltr'>moras,</span> <span class='ocrx_word' id='word_1_168' title='bbox 483 2987 578 3045; x_wconf 91' lang='lat' dir='ltr'>neque</span> <span class='ocrx_word' id='word_1_169' title='bbox 591 2989 643 3027; x_wconf 94' lang='lat' dir='ltr'>nos</span> <span class='ocrx_word' id='word_1_170' title='bbox 656 2978 817 3030; x_wconf 87' lang='lat' dir='ltr'>conterreat</span> <span class='ocrx_word' id='word_1_171' title='bbox 830 2972 943 3032; x_wconf 71' lang='lat' dir='ltr'>hostish</span> 
     </span>
    </p>
   </div>
   <div class='ocr_carea' id='block_1_4' title="bbox 130 3102 1044 3248">
    <p class='ocr_par' dir='ltr' id='par_1_6' title="bbox 130 3102 1044 3248">
     <span class='ocr_line' id='line_1_28' title="bbox 162 3102 1022 3176; baseline 0.013 -27"><span class='ocrx_word' id='word_1_172' title='bbox 162 3102 316 3151; x_wconf 77' lang='lat' dir='ltr'>¹“Parva.&#39;&#39;</span> <span class='ocrx_word' id='word_1_173' title='bbox 348 3102 441 3152; x_wconf 85' lang='lat' dir='ltr'>Herod.</span> <span class='ocrx_word' id='word_1_174' title='bbox 463 3104 496 3154; x_wconf 80' lang='lat' dir='ltr'>vi.</span> <span class='ocrx_word' id='word_1_175' title='bbox 519 3106 585 3154; x_wconf 77' lang='lat'>109:</span> <span class='ocrx_word' id='word_1_176' title='bbox 614 3104 735 3166; x_wconf 66' lang='lat' dir='ltr'>“dliyoor</span> <span class='ocrx_word' id='word_1_177' title='bbox 757 3107 805 3171; x_wconf 63' lang='grc' dir='ltr'>’γὰρ</span> <span class='ocrx_word' id='word_1_178' title='bbox 828 3106 895 3167; x_wconf 74' lang='grc' dir='ltr'>εῖναι,</span> <span class='ocrx_word' id='word_1_179' title='bbox 919 3115 1022 3176; x_wconf 74' lang='grc' dir='ltr'>στρατιῇ</span> 
     </span>
     <span class='ocr_line' id='line_1_29' title="bbox 130 3185 1044 3248; baseline 0.012 -15"><span class='ocrx_word' id='word_1_180' title='bbox 130 3186 216 3245; x_wconf 71' lang='grc' dir='ltr'><strong><em>Μήδων</em></strong></span> <span class='ocrx_word' id='word_1_181' title='bbox 228 3185 402 3248; x_wconf 74' lang='grc' dir='ltr'>συμβαλέειν.”</span> <span class='ocrx_word' id='word_1_182' title='bbox 541 3197 553 3230; x_wconf 70' lang='lat'><strong><em>⁵</em></strong></span> <span class='ocrx_word' id='word_1_183' title='bbox 570 3190 662 3240; x_wconf 86' lang='lat' dir='ltr'>Herod.</span> <span class='ocrx_word' id='word_1_184' title='bbox 674 3192 707 3241; x_wconf 78' lang='lat' dir='ltr'>vi.</span> <span class='ocrx_word' id='word_1_185' title='bbox 719 3193 777 3242; x_wconf 88' lang='grc'><strong>108.</strong></span> <span class='ocrx_word' id='word_1_186' title='bbox 908 3190 919 3224; x_wconf 72' lang='lat'>&#39;¹</span> <span class='ocrx_word' id='word_1_187' title='bbox 937 3195 975 3244; x_wconf 88' lang='lat' dir='ltr'>lb.</span> <span class='ocrx_word' id='word_1_188' title='bbox 987 3197 1044 3246; x_wconf 85' lang='lat'>109.</span> 
     </span>
    </p>
   </div>
   <div class='ocr_carea' id='block_1_5' title="bbox 0 0 1075 3652">
    <p class='ocr_par' dir='ltr' id='par_1_7' title="bbox 0 0 1075 3652">
     <span class='ocr_line' id='line_1_30' title="bbox 0 0 1075 3652; baseline 0 0"><span class='ocrx_word' id='word_1_189' title='bbox 0 0 1075 3652; x_wconf 95' lang='lat' dir='ltr'> </span> 
     </span>
    </p>
   </div>
  </div>
 </body>
</html>
