2108 3652
477 216 647 260 Immol-

126 387 146 446 J
146 406 250 464 amque
262 389 321 449 imo
335 390 464 464 graviter
475 393 623 468 suspirans
636 397 750 468 pectore
763 391 853 450 fatur.

131 494 149 522 ‘⁶
159 492 207 549 En
220 491 294 553 mihi
307 493 461 568 promissos
472 493 554 568 fines,
570 513 608 553 en
620 513 711 569 regna
722 495 808 553 beata

129 596 201 661 Quae
215 601 284 654 nato
298 597 413 672 genitor
424 602 603 673 pernoctem
615 599 677 658 vise
691 599 802 658 solebas

127 703 146 760 J
147 721 214 759 ussa
226 720 331 759 canens
344 701 487 777 Superum
499 704 685 779 promittere:
707 724 776 762 nam
788 722 882 780 neque
896 702 1005 761 Divum

129 805 268 863 Venimus
280 806 404 882 injussu,
417 826 513 884 neque
526 808 646 867 Mithrae
659 809 774 867 oracula
786 808 904 866 fallunt.

129 909 172 967 At
185 908 278 968 Graeci
292 911 435 983 odeumt3
456 916 532 983 est0;
554 912 628 971 mihi
640 913 748 990 quippe
762 912 859 972 timeri
872 916 917 970 est

129 1013 299 1090 Imperium,
312 1015 411 1074 Medis
424 1035 518 1094 nequa
530 1036 630 1093 pacem
644 1036 802 1094 consequor
815 1017 912 1074 armis.

130 1115 253 1175 Sumant
266 1137 446 1177 armamann
459 1119 593 1179 morituri
607 1124 637 1179 et
649 1121 752 1197 praelia
762 1121 890 1198 jungant

129 1220 248 1280 Scilicet
260 1228 296 1281 ut
307 1223 414 1281 nostris
425 1224 523 1299 praeda
536 1224 671 1283 decorata
683 1226 793 1284 recenti

130 1324 212 1383 Colla
225 1325 341 1400 micent,
356 1327 472 1386 Graecos
483 1328 626 1387 mirentur
641 1329 714 1388 Susa
726 1327 898 1406 triumphos.

131 1429 178 1486 Ne
192 1429 389 1490 Pisistratidas
401 1431 522 1508 cupiant
535 1436 665 1491 avertere
678 1452 766 1508 regno

131 1533 256 1593 Posthac
270 1534 412 1596 Thesidae.
453 1537 502 1595 Sic
515 1555 583 1594 nam
596 1535 671 1594 mihi
683 1536 745 1596 fata
758 1530 881 1596 canebat

132 1637 204 1702 Quae
219 1643 327 1698 secreta
339 1639 395 1698 Dei
407 1639 492 1698 novit
501 1639 609 1699 vittata
621 1640 752 1698 sacerdos

128 1741 191 1800 Nec
205 1761 255 1818 spe
267 1741 429 1818 decipimur
439 1747 531 1802 tanta.
572 1743 644 1802 Fuit
657 1743 689 1801 id
702 1762 816 1820 quoque
831 1763 929 1802 carum

128 1846 276 1923 Quicquid
289 1852 352 1906 erat
364 1847 476 1922 patriae,
490 1847 548 1906 fuit
561 1853 591 1907 et
603 1848 731 1907 laetabile
744 1868 876 1907 murmur

128 1950 218 2022 Ilissi,
234 1954 265 2009 et
277 1951 518 2027 liquidopulchri
531 1953 585 2010 sub
597 1951 700 2011 fronde
714 1952 816 2011 Coloni

128 2054 306 2133 Ausa-queri
319 2061 408 2114 cantu
421 2063 533 2114 veteres
544 2056 705 2115 Philomela
719 2057 841 2124 dolores,

129 2157 286 2235 Vallesque
300 2158 500 2235 inriguumque
512 2178 623 2232 nemus,
639 2178 748 2236 vosque
762 2160 828 2218 alba
840 2160 951 2219 sodales

128 2261 204 2320 Lilia
217 2261 270 2338 qui
282 2281 395 2320 manum
408 2262 522 2320 calatho
535 2262 713 2339 imposuistis
727 2268 839 2322 onusto.

130 2367 156 2425 0
170 2384 223 2440 ego
236 2366 261 2423 si
273 2385 386 2441 possem
398 2365 472 2423 felix
485 2384 622 2423 renovare
631 2367 763 2442 juventae

129 2469 161 2528 si
173 2489 285 2546 possem
298 2487 435 2527 renovare
449 2467 520 2536 dies,
534 2488 615 2526 mens
628 2469 719 2528 inscia
732 2470 825 2545 culpae

128 2574 227 2640 Quum
240 2572 308 2643 fuit,
323 2575 391 2630 ante
405 2572 503 2630 oculos
516 2591 604 2649 quam
617 2593 676 2631 nox
688 2574 806 2648 perfusa
819 2573 946 2634 nitentes

127 2678 223 2744 Quam
236 2695 311 2735 nova
325 2676 416 2748 caligo
430 2678 557 2753 primum
570 2677 642 2735 tulit
655 2681 718 2735 orta
731 2676 868 2747 dolorem,
880 2720 883 2725 -

126 2783 272 2842 Barbarus
284 2780 379 2839 insani
392 2780 468 2854 regis
481 2800 540 2838 non
554 2780 665 2839 aulicus
678 2799 778 2852 essem,

128 2887 195 2944 Non
208 2884 335 2942 famulus
346 2906 354 2955 ;
375 2883 478 2941 mediis
492 2883 544 2941 sed
555 2902 678 2957 magnus
690 2883 802 2942 civibus
816 2889 916 2943 auctor

112 2970 196 3067 'Ipse
210 3008 287 3048 meas
301 3007 436 3064 sequerer
447 2987 542 3046 fausto
556 2987 618 3045 dux
631 2987 725 3045 omine
738 2986 824 3061 leges.

128 3095 211 3154 Vana
223 3094 312 3152 miser
323 3091 460 3168 loqueris,
473 3093 586 3167 repetet
597 3108 691 3166 neque
703 3089 723 3149 J
724 3089 841 3167 uppiter
854 3110 952 3150 annos.
991 3125 993 3129 ·

126 3199 244 3271 Persica
257 3176 362 3258 dilecto
375 3195 468 3262 rabies
482 3199 535 3255 tna
547 3213 615 3253 rura
629 3193 736 3254 Colono
787 3241 790 3248 .
