2108 3652
143 338 273 416 Quaeque
286 339 383 415 gravis
395 340 484 398 fortes
498 341 608 398 animos
620 341 738 400 fortuna
752 341 892 418 subegit?

143 442 293 501 Cernimus
305 445 380 501 hanc
393 443 494 501 urbem
507 443 614 516 miseri,
630 463 703 521 quas
715 464 817 521 nuper,
830 445 971 516 Athenae,

143 545 245 604 Gentis
258 566 296 604 an
309 546 428 626 abjectae
441 546 599 624 longinquo
613 547 646 605 in
658 546 743 606 litore
756 553 851 606 turres

140 650 232 716 Quae‘
245 651 394 726 pharetras
407 651 593 727 tunicamque
608 651 699 722 timet,
715 652 763 710 cui
777 672 883 710 cornua
897 671 967 711 cura
1016 684 1020 691 ·

141 754 270 812 Buccina
282 753 404 812 formido
418 760 461 813 est
475 761 504 814 et
517 755 597 813 inani
610 755 642 814 in
656 756 764 815 casside
778 756 896 816 cristae?

140 858 251 916 Haecne
263 861 348 933 pater
361 857 463 916 solitus
476 858 576 933 fugere
589 864 641 916 aut
654 859 838 918 Telamonius
850 861 938 937 ajax,

140 965 204 1020 Aut
218 961 330 1035 genitor
343 959 492 1019 Theseus?
513 962 622 1020 frustra
635 963 847 1021 cumulavimus
860 983 924 1022 aras

140 1065 294 1123 Poscentes
307 1062 437 1122 animum
449 1064 549 1122 mortis
562 1068 671 1122 terrore
685 1069 845 1135 carentem3

140 1170 283 1244 Fugimus
295 1192 303 1240 ς
326 1169 380 1226 hoc
392 1167 490 1244 potuit
502 1168 596 1242 pietas
609 1175 639 1226 et
651 1167 776 1246 pristina
788 1168 892 1228 virtus.

142 1274 195 1333 Sin
206 1275 297 1350 pudet
311 1277 399 1350 atque
411 1271 496 1331 aliter
508 1271 603 1332 risum
617 1282 669 1344 est,
684 1273 747 1331 haec
761 1273 889 1344 dextera,
906 1272 993 1345 cives,

140 1377 240 1436 Prima
251 1399 303 1454 per
316 1379 449 1436 adversos
462 1381 583 1435 mortem
595 1377 669 1436 feret
682 1377 807 1435 horrida.
848 1377 947 1436 Pictos
1004 1381 1008 1393 ”

140 1482 170 1540 N
171 1502 208 1540 on
221 1502 274 1558 ego
284 1482 346 1560 jam
358 1481 461 1540 Persas
473 1484 571 1541 metuo
584 1481 632 1540 cui
647 1480 714 1540 risit
726 1481 844 1539 Athene

140 1588 352 1664 Persarumque
365 1587 525 1645 deos-vos
538 1586 645 1643 famam
659 1590 762 1660 augete
776 1585 931 1661 sequendo.

179 1690 238 1747 His
250 1709 368 1748 accensa
381 1707 467 1765 super
479 1688 585 1766 populo
599 1687 686 1745 simul
698 1687 742 1746 ira
754 1687 892 1765 furorque

140 1793 291 1852 Invadunt
303 1799 424 1862 mentes,
437 1810 496 1850 non
509 1792 612 1850 vultus
624 1811 683 1849 non
696 1792 796 1850 eadem
810 1791 866 1850 ulli

140 1895 179 1954 In
192 1897 265 1955 facie
278 1896 446 1972 species-“
456 1896 556 1972 procul
568 1895 637 1954 hino
650 1897 752 1973 procul
766 1897 806 1956 ite
819 1900 965 1954 morantes

139 2000 240 2086 Litora
252 2005 321 2060 sunt
335 2000 477 2060 mtanda”
493 2002 637 2060 fremunt:
659 2001 746 2059 simul
760 2019 839 2058 arma
851 2000 983 2059 furentes

139 2104 304 2181 Accipiunt,
315 2106 403 2184 juvat
414 2108 468 2164 hos
481 2105 591 2164 acuisse
605 2105 772 2163 ardentibus
786 2123 869 2162 enses

140 2208 268 2281 (lctibus,
283 2209 315 2266 hi
329 2209 435 2285 clipeos
447 2209 555 2268 hilares
567 2209 599 2267 hi
613 2209 724 2285 spicula
737 2212 858 2267 sumunt

139 2314 327 2392 Ejiciuntque
340 2334 430 2373 manu
443 2319 473 2373 et
486 2313 567 2372 vario
580 2313 735 2372 certamine
748 2316 895 2388 torquent.

139 2421 299 2478 Deseruere
312 2419 384 2488 vias,
397 2439 496 2478 vacuae
510 2423 572 2477 tota
585 2419 656 2476 urbe
669 2418 797 2476 tabernae

141 2525 326 2583 clauduntur
338 2527 457 2599 totoque
470 2523 550 2581 foro:
571 2532 652 2598 patet
665 2524 728 2579 atra
740 2520 850 2580 reliotae

139 2628 250 2688 Umbra
262 2628 447 2687 Academia:
470 2626 600 2687 Martem
614 2644 712 2684 omnes
725 2644 864 2703 armaque
876 2632 1011 2702 poscunt.

178 2731 254 2792 aa*
268 2731 328 2806 ubi,
344 2731 370 2790 si
382 2730 490 2791 montis
503 2734 631 2790 veterem
644 2729 824 2806 superaveris
837 2732 969 2790 umbram

133 2954 144 2978 θ
161 2945 254 2995 Herod.
266 2944 300 2993 vi.
312 2947 376 2994 112:
393 2947 483 3007 πρῶτοι
495 2943 529 3009 (ol
542 2941 678 3007 Ἀθηναῖοι)
693 2942 828 3007 artaxem
845 2944 937 3002 ἐσθῆτα
951 2961 979 2991 τε
995 2947 1048 2999 Mn·

104 3029 168 3086 trata
185 3031 287 3092 ὁρῶντες
304 3030 343 3076 aul
361 3027 418 3077 τοὺς
438 3026 524 3090 ἄνδρας
542 3025 635 3085 ταύτην
651 3024 802 3085 ἐσθημένους·
830 3024 890 3076 τέως
907 3026 933 3075 δὲ
952 3023 983 3083 ἦν
999 3026 1051 3074 τοῖς

104 3111 204 3170 'Batnon
216 3111 255 3159 acl
266 3111 295 3158 τὸ
308 3111 396 3169 οὔνομα
407 3112 435 3159 τὸ
448 3110 535 3169 Μήδων
546 3107 625 3172 φόβος
636 3109 744 3159 ἀκοῦσαι.

131 3182 144 3224 '⁸
162 3193 247 3250 Grote,
255 3195 294 3242 ch.
306 3193 388 3241 xxxvi.
400 3213 405 3241 :
424 3197 439 3219 “
448 3192 584 3241 Marathon
593 3228 616 3242 ..
628 3227 635 3240 .
647 3191 684 3241 ‚is
695 3191 796 3241 divided
806 3193 841 3256 by
851 3191 896 3240 the
907 3191 969 3254 high
979 3191 1052 3254 ridgc

104 3276 128 3326 >f
134 3275 225 3324 Mount
237 3275 380 3325 Pentelicus
394 3273 459 3324 from
474 3273 518 3324 the
530 3273 600 3338 city;
612 3308 619 3323 .
632 3309 639 3322 .
651 3307 658 3321 .
670 3307 677 3320 .
688 3272 734 3322 the
745 3273 793 3338 hay
804 3273 834 3322 of
842 3272 976 3323 Marathon
987 3271 1051 3321 shel-
