2108 3652
454 204 625 246 nmmum

104 373 268 450 Projiciunt
281 374 406 444 Graecos,
420 378 581 449 stratosque
594 372 626 430 in
639 373 759 450 pulvere
772 373 897 432 caedunt.

104 478 150 535 ll'u
164 496 288 554 quoque,
304 477 329 535 si
342 479 410 554 quis
423 481 494 550 erat,
507 476 580 535 belli
594 477 784 553 columenque
798 477 952 552 decusque,

103 581 211 656 Magne
225 581 398 658 Gynaegire⁰
411 580 565 655 occumbis,
581 598 676 656 neque
687 581 761 639 Feta
773 579 888 657 parenti

102 685 297 744 Rettuleruut
309 693 421 756 natum,
436 703 532 761 neque
546 685 677 759 fratrem,
691 683 818 742 maxime
831 693 913 743 vates

103 789 256 866 AEsohyle,
273 788 401 848 servavit
412 788 508 847 virtus
520 807 683 875 nomenque
696 792 800 863 poete,

105 892 271 970 Obstupuit
283 913 451 970 quanquam
464 893 627 952 modulanti
641 891 773 970 proxima
787 893 897 952 Phoebo

104 997 227 1071 Groeoia,
243 1017 382 1075 mensque
395 1005 476 1057 metu
489 997 583 1057 tacuit
595 997 728 1074 perculsu
741 997 877 1057 Deorum.

104 1102 244 1178 Aggressi
257 1102 433 1162 obtruncant
445 1104 550 1175 Persae,
566 1105 747 1178 stratumque
760 1100 940 1177 relinquunt.

104 1207 147 1265 At
159 1225 254 1284 neque
264 1207 327 1283 jam
340 1211 436 1266 totum
448 1210 568 1283 potuere
582 1205 749 1264 abscindere
762 1204 873 1263 bellum

106 1311 221 1380 Consti,
233 1330 329 1388 neque
341 1330 401 1369 non
414 1310 507 1369 laxati
522 1329 638 1388 corpore
652 1309 747 1369 Graeci

106 1413 262 1474 Deficiunt.
304 1415 386 1474 Fessi
399 1435 497 1474 rerum
510 1415 655 1492 invitique
669 1414 817 1473 recedunt.

107 1518 183 1579 Tum
194 1519 299 1592 Persae,
314 1519 412 1594 gravis
424 1518 544 1578 advenit
557 1519 640 1596 queis
653 1537 743 1596 pausa
756 1517 847 1576 duelli

109 1621 312 1682 Conscendunt
324 1623 387 1682 laeti
399 1642 488 1682 naves
501 1633 647 1701 pontoque
660 1622 818 1681 vehuntur.

148 1725 206 1786 sed
218 1747 313 1804 neque
326 1727 473 1786 inauditos
486 1746 580 1803 neque
593 1746 644 1785 vos
657 1726 719 1785 sine
731 1726 856 1798 nomine,
873 1726 959 1800 cives,

106 1829 235 1908 Campus
247 1830 345 1904 habet,
358 1848 453 1906 neque
466 1848 525 1887 non
537 1828 675 1905 praeclaro
688 1848 807 1905 corpore
819 1829 879 1888 leto

106 1935 205 1994 Strata
216 1934 292 2010 tegit
304 1933 446 2003 tumulus,
461 1951 638 2009 surgensque
650 1932 775 1992 immone
789 1933 984 2010 sepulchrum.

104 2037 258 2097 Attollunt
269 2037 373 2097 flentes
387 2036 466 2110 socii,
481 2055 595 2114 quaque
610 2037 687 2095 sltus
699 2035 732 2094 in
746 2055 831 2095 auras

105 2140 226 2201 Eminet
239 2145 270 2200 et
282 2142 372 2218 lignis
384 2141 488 2216 ingens
501 2141 667 2200 cumulatur
680 2159 809 2212 acervus,

106 2244 275 2321 Imposuere
287 2265 367 2320 rogo.
401 2245 505 2321 Neque
517 2245 608 2304 tsedus
622 2244 756 2303 admovet
768 2244 848 2302 ullus

106 2349 311 2426 Funereasque
324 2350 411 2424 faces,
426 2349 509 2406 sociis
522 2353 582 2407 tum
595 2349 704 2426 pallida
717 2348 777 2408 leto

107 2453 166 2512 Ore
178 2453 296 2529 placent
309 2453 450 2512 sociorum
464 2461 494 2512 et
507 2453 608 2513 vultus
620 2462 712 2511 morte
727 2457 864 2512 tacentes.

106 2556 260 2616 Fratribus
274 2561 413 2632 apparent
426 2558 538 2631 iratres,
555 2563 621 2616 ante
635 2577 685 2616 ora
697 2561 851 2633 pareutum
903 2589 906 2596 ·

107 2660 286 2719 Sternuntur
298 2659 371 2732 nati,
388 2679 452 2736 spes
467 2668 496 2720 et
509 2661 653 2737 praedulce
667 2663 790 2719 senectae

107 2764 259 2831 Solamen3
281 2764 379 2822 miseri
390 2764 569 2841 pellentibus
583 2784 632 2822 ors
644 2764 758 2824 labellis

105 2867 253 2944 Affligunt
266 2886 405 2927 caesorum
419 2869 588 2945 adduntque
600 2868 756 2927 novissima
768 2870 873 2940 verbs3

108 2974 274 3050 Purpureos
288 2972 338 3031 clii
351 2971 436 3032 flores
450 2978 479 3032 et
493 2983 569 3033 serta
582 2993 717 3048 rogorum

108 3077 282 3152 congessere
297 3077 393 3152 decus,
406 3096 500 3154 neque
514 3076 703 3137 bellatoribus
716 3097 793 3135 nnus

163 3273 175 3298 ⁸
193 3266 347 3332 Κυναίγειροι
358 3269 371 3316 ὁ
383 3267 530 3333 Εὐφορίωνος
542 3303 566 3318 ..
580 3265 688 3317 πίπτει.
722 3267 815 3320 Herod.
826 3270 860 3319 vi.
873 3240 930 3320 114.
