2108 3652
151 365 358 424 Gemmiferum
371 367 518 426 accinctus
530 367 669 441 gladium,
684 365 829 440 mitraque
842 364 970 420 decorus.

149 471 283 547 Jamque,
296 471 348 530 ubi
362 491 393 530 se
406 472 525 548 pedites,
541 491 607 546 quo,
623 469 764 546 praecipit,
779 467 881 525 ordine
893 474 998 525 turne

151 572 315 649 Disponant
328 575 461 650 equitum
474 575 589 645 melius,
601 575 664 650 jam
677 573 771 630 limite
784 573 845 628 lato

150 675 317 751 Distinguit
329 697 464 754 campum
477 683 509 736 et
521 678 615 752 digito
629 679 691 735 loca
704 677 802 735 debita
814 680 965 745 monstrat,

152 780 314 858 Sortirique
322 784 410 860 jubet
421 783 527 857 vigiles
540 787 571 840 et
583 787 677 840 castra
689 781 795 858 parari.

150 886 317 946 Innumerae
328 887 468 964 uarioque
480 889 597 946 adstant
609 887 719 945 circum
730 886 830 944 ordine
843 884 948 954 tmuoe,

152 991 370 1069 Observantque
383 994 502 1063 ducem3
522 1012 635 1050 necnon
648 1011 734 1066 snper
747 992 856 1049 aethera
869 986 947 1046 claro

152 1095 173 1153 J
174 1115 240 1152 uasa
253 1101 336 1154 tonat
349 1095 446 1154 sonitu
459 1095 553 1154 lituus
565 1096 759 1170 mandataque
773 1094 879 1167 signat.

190 1199 313 1275 Jamque
327 1217 413 1276 super
424 1204 517 1258 terras
528 1182 658 1258 tenebris
670 1201 791 1256 obseura
803 1196 912 1255 futuris

151 1301 220 1359 Nox
233 1303 319 1377 cadit,
336 1307 367 1361 et
380 1302 469 1362 tacito
482 1303 634 1362 suadentia
647 1303 741 1360 sidera
754 1321 867 1360 somnos

151 1406 305 1466 Labuntur
317 1410 399 1482 coelo,
415 1411 506 1468 fessos
519 1429 602 1485 sopor
616 1409 749 1466 omnibus
762 1412 844 1466 artus

153 1510 251 1570 Laxat
264 1515 294 1571 et
307 1512 368 1571 alta
380 1513 480 1589 quies;
501 1514 639 1571 constrati
652 1512 685 1570 in
698 1512 827 1587 gramine
840 1511 963 1569 multam

152 1616 311 1692 Accipiunt
324 1617 415 1675 oculis
427 1621 541 1676 noctem
555 1618 724 1693 peditesque
738 1616 907 1692 equitesque

153 1719 392 1796 Magnanimique
406 1721 503 1794 duces,
519 1725 550 1779 et
562 1721 633 1778 belli
646 1722 762 1779 Persica
774 1720 878 1778 virtus.

152 1826 195 1881 At
208 1823 328 1897 vigilem
340 1824 481 1882 insomnis
494 1833 524 1883 te
534 1825 607 1901 jam,
622 1825 782 1899 Pisistrate,
799 1829 902 1882 natum

152 1925 265 1984 Horror
278 1927 376 1999 habet,
390 1926 478 1985 miser
490 1907 636 1986 incassum
649 1928 773 1986 dormire
786 1929 903 1986 videtur

154 2029 357 2105 Sollicitatque
371 2030 447 2089 Deos
460 2039 490 2089 et
502 2044 618 2089 noctem
631 2033 755 2090 blandus
768 2032 878 2106 adorat,

154 2131 247 2197 Quem
260 2152 399 2191 memores
414 2133 527 2209 agitant
539 2136 634 2205 furiae,
650 2135 808 2194 Concordia
822 2154 934 2192 somnos

154 2236 238 2294 Laesa
251 2244 347 2312 negat.
378 2236 464 2302 ⁴Quae
477 2257 536 2296 non
549 2237 660 2297 Divum
673 2239 821 2313 consurgit
835 2239 930 2314 imago

155 2342 236 2400 Ante
252 2340 368 2400 oculos?
390 2341 463 2406 Qnae
475 2362 535 2400 vox
547 2362 607 2401 non
620 2343 778 2402 exauditur
791 2343 823 2400 in
835 2340 970 2401 umbris?

156 2445 295 2504 Prosiluit
308 2445 393 2514 lecto,
408 2450 438 2504 et
451 2453 602 2522 quantum,
617 2447 795 2522 glomerante
809 2448 943 2504 tenebras

153 2549 183 2608 N
184 2556 255 2620 octe,
272 2549 370 2608 videre
383 2550 462 2622 licet,
479 2550 671 2626 vigilantibus
684 2550 815 2627 undique
829 2569 964 2626 campum

153 2653 264 2712 Haurit
277 2652 446 2713 luminibus.
488 2655 590 2729 Surgit
603 2655 704 2732 procul
717 2657 824 2714 aethere
838 2659 920 2726 vasto

152 2757 237 2815 Luna
249 2757 351 2829 redux,
366 2760 491 2817 tremula
504 2760 677 2819 collustrans
690 2759 822 2835 lampade
837 2766 938 2827 terras,

154 2859 258 2918 Omnia
272 2879 336 2936 quae
351 2862 445 2919 multa
458 2863 604 2939 quondam
618 2863 717 2921 abdita
729 2868 814 2920 nocte
828 2862 959 2920 latebant

155 2965 214 3023 Ille
228 2965 319 3036 videt,
333 2967 435 3042 patriis
447 2968 517 3026 hinc
530 2977 613 3027 notas
626 2968 748 3027 collibus
761 2970 880 3027 umbras

155 3069 255 3146 Teque
264 3070 338 3146 jugo
351 3071 478 3148 liquidas
491 3077 647 3150 praerupto,
662 3074 799 3144 maxime,
815 3074 910 3131 nubes

141 3165 302 3230 'Pentelice
319 3179 479 3248 urgentem,
493 3185 522 3234 et
535 3176 688 3252 longinqui
702 3177 817 3235 culmen
831 3176 978 3252 Hymetti,

152 3274 196 3332 Bt
209 3294 342 3351 campum
355 3277 527 3338 Marathona
540 3299 686 3357 novasque
700 3280 732 3338 in
745 3281 830 3340 litore
843 3299 940 3339 naves.
