2108 3652
494 173 667 215 mmor.

149 355 292 433 Spumeus
304 354 440 414 immistis
452 357 634 433 provolvitur
647 360 735 416 aeatus
748 353 852 420 arenis,

147 458 167 518 J
167 478 213 515 em
226 478 372 517 summum
385 479 489 518 saxum
504 480 690 537 exsuperans,
703 459 756 517 illa
769 458 860 517 ariete
873 457 975 516 erebro

149 562 210 621 Oea
222 565 359 640 propulsa
371 565 459 636 labat,
474 569 538 624 turn
552 566 627 624 oelao
640 586 658 624 a
671 565 799 623 eulmine
811 564 891 623 viola

148 666 275 737 Decidit,
288 669 476 747 auditamque
489 670 582 729 trahit
595 689 647 746 per
659 690 731 728 saxa
743 670 878 728 ruinam:

149 770 198 830 Sic
210 771 272 831 ruit
284 772 316 830 in
329 776 391 832 toto
404 773 550 850 perculsos
562 773 663 832 ordine
675 773 778 832 Persas

149 875 251 935 Graeea
263 877 382 948 eohors3
400 877 527 954 junxere
539 897 653 946 manus,
666 882 698 938 et
709 896 827 954 eorpora
840 876 901 935 leto

149 978 280 1038 Plurima
293 980 375 1057 lapsa
386 980 504 1039 eadunt.
545 981 605 1040 Hie
618 981 687 1040 vitae
701 985 732 1040 te
745 999 861 1057 quoque
873 978 964 1041 finem

149 1081 327 1141 Callimacho
336 1092 358 1121 ¹¹¹
371 1090 402 1142 et
417 1083 522 1142 Martia
534 1082 605 1142 Divi
617 1084 755 1143 meruisse
768 1083 914 1152 volebant,

151 1183 334 1245 sternentem
347 1186 455 1246 multos
467 1185 563 1260 morti,
576 1186 742 1263 mediasque
755 1192 888 1244 ruentem

150 1288 208 1345 Por
220 1286 351 1347 flammas
364 1309 416 1366 per
427 1289 520 1360 bolla;
535 1289 623 1361 sadis,
638 1289 766 1367 sooiique
779 1309 833 1366 per
845 1288 943 1346 hostes

151 1391 217 1458 Qua
229 1393 278 1451 via
289 1394 376 1464 faeta,
389 1396 481 1453 ruunt
493 1413 632 1453 memores
645 1394 788 1471 famaeque
801 1391 952 1467 duoisqu'e.

150 1497 180 1555 N
181 1515 213 1555 oo
226 1497 331 1567 Persa,
345 1516 522 1574 quamquam
534 1497 637 1556 medioe
650 1517 758 1556 cessere
772 1498 903 1556 cohortes

152 1600 329 1671 Graecorum,
342 1605 373 1660 et
385 1601 487 1679 primis
499 1600 631 1659 Victoria
643 1601 747 1660 riserat
761 1598 849 1658 armis

153 1704 319 1766 Obstituere
334 1705 396 1764 diu.
433 1706 607 1771 Vertuntur,
620 1723 782 1780 magnaque
795 1704 854 1763 leto

153 1809 278 1887 Corpora
290 1810 370 1883 dant,
386 1827 530 1885 caesosque
543 1808 630 1866 duees
643 1807 675 1867 in
689 1807 809 1884 pulvere
821 1807 972 1884 linquunt.

154 1915 318 1992 Cecropides
330 1913 496 1974 instaurant
509 1915 584 1974 acies
596 1913 762 1990 trepidique
776 1916 948 1989 sequuntur.

190 2022 209 2080 J
211 2039 315 2096 amque
329 2019 399 2078 adeo
412 2018 491 2096 pulsi
503 2037 591 2077 naves
605 2021 635 2077 et
647 2017 734 2077 litora
747 2017 837 2077 fessi¹¹

154 2125 252 2192 Quum
264 2123 346 2183 Medi
359 2122 528 2191 adveniunt,
541 2141 595 2180 nee
608 2141 686 2180 nuno
700 2142 753 2180 sua
766 2126 860 2181 eastra
873 2120 966 2179 teneri

153 2230 240 2289 Posse
252 2228 363 2300 rident,
379 2247 424 2286 rea
434 2227 497 2303 jam
511 2226 607 2285 dubiae
619 2225 795 2303 propiusque
807 2224 916 2303 pericla

152 2333 223 2392 Visa
236 2336 345 2392 acuunt
358 2331 478 2400 animos,
493 2333 513 2363 ‘⁴
521 2330 681 2388 Moriemur
694 2331 735 2389 sie
750 2329 888 2406 quoque”
903 2327 1043 2402 elamant,

154 2440 251 2516 “Ipso
264 2438 323 2497 fine
336 2433 447 2495 maris?
489 2434 606 2492 Terram
620 2433 645 2491 si
657 2434 732 2493 forte
745 2435 894 2508 negabunt

153 2543 326 2620 Cecropidae,
342 2559 414 2599 num
426 2541 550 2615 pontum
564 2539 653 2597 etiam
665 2537 841 2614 praecludere
854 2536 943 2596 vietis

152 2645 359 2709 Audebunt?”
394 2646 460 2705 Jam
473 2662 573 2720 pugna
585 2643 669 2710 furit,
679 2642 742 2719 jam
754 2641 875 2700 vulnera
889 2644 1035 2701 temnunt.

151 2753 196 2812 Hi
209 2770 346 2811 renovare
360 2749 435 2809 aoies
448 2749 633 2825 Martemque
646 2747 803 2805 accendere
817 2745 912 2818 dictis,

152 2855 358 2931 Exstinguunt
371 2853 423 2913 alii
436 2853 567 2912 flammas
580 2852 736 2928 ignemque
749 2849 896 2909 volantem

152 2958 303 3037 Puppibus
317 2960 464 3026 avertunt,
478 2958 531 3014 aut
544 2954 622 3032 ipsos
635 2973 754 3030 eorpore
767 2956 829 3012 toto

146 3130 164 3154 '⁸
182 3120 275 3172 Herod.
287 3120 321 3169 vi.
338 3121 402 3169 114:
429 3116 551 3181 ἐντούτῳ
567 3116 682 3179 rqirdvqr
702 3118 715 3166 d
734 3113 891 3179 πολέμαρχος
907 3113 1052 3178 Καλλίμαχ

112 3204 292 3268 scopatam,
306 3202 364 3260 ἀνὴρ
375 3201 505 3263 γενόμενος
517 3203 617 3263 ἀγαθός.

149 3296 161 3320 ·
179 3286 271 3338 Herod
283 3285 317 3335 vi.
329 3286 386 3335 118.
